@misc{ref1,
 title = {Les algorithmes de recommandation},
 author = {Raphaël Fournier-S’niehotta},
 year = {2016},
 howpublished = "\url{http://binaire.blog.lemonde.fr/2016/12/27/tout-ce-que-vous-devriez-savoir-sur-la-reco-ou-la-reco/}"
}

@misc{ref2,
 title = {Les algorithmes de recommandation},
 author = {podcastscience},
 year = {2012},
 howpublished = "\url{https://www.podcastscience.fm/dossiers/2012/04/25/les-algorithmes-de-recommandation/}"
}
 
@misc{ref3,
 title = {Comment Netflix compose ses algorithmes de recommandation},
 author = {Guillaume Renouard,
 year = {2017},
 howpublished = "\url{http://www.zdnet.fr/actualites/comment-netflix-compose-ses-algorithmes-de-recommandation-39851718.htm}"
}
@misc{ref4,
 title = {Etat de l’art sur les Systèmes de Recommandation},
 author = {Nicolas Béchet},
 year = {2013},
 howpublished = "\url{http://people.irisa.fr/Nicolas.Bechet/Publications/EtatArt.pdf}"
}
@misc{ref5,
 title = {Filtrage collaboratif},
 author = {Wikipedia},
 howpublished = "\url{https://fr.wikipedia.org/wiki/Filtrage_collaboratif}"
}
@misc{ref6,
 title = {Collaborative filtering},
 author = {Wikipedia},
 howpublished = "\url{https://en.wikipedia.org/wiki/Collaborative_filtering}"
}
@misc{ref7,
 title = {Matrix Factorization: A Simple Tutorial and Implementation in Python},
 author = {Albert Au Yeung},
 year = {2010},
 howpublished = "\url{http://www.quuxlabs.com/blog/2010/09/matrix-factorization-a-simple-tutorial-and-implementation-in-python/}"
}
@misc{ref8,
 title = {Innovating Faster on Personalization Algorithms at Netflix Using Interleaving},
 author = {Juliette Aurisset, Michael Ramm, Joshua Parks},
 year = {2017},
 howpublished = "\url{https://medium.com/netflix-techblog/interleaving-in-online-experiments-at-netflix-a04ee392ec55}"
}
@misc{ref9,
 title = {Netflix Recommendations: Beyond the 5 stars (Part 1)},
 author = {Xavier Amatriain and Justin Basilico},
 year = {2012},
 howpublished = "\url{https://medium.com/netflix-techblog/netflix-recommendations-beyond-the-5-stars-part-1-55838468f429}"
}

@misc{ref10,
 title = {k-nearest neighbors algorithm},
 author = {Wikipedia},
 howpublished = "\url{https://en.wikipedia.org/wiki/K-nearest_neighbors_algorithm}"
}
@misc{ref11,
 title = {Predicting Likes: Inside A Simple Recommendation Engine's Algorithms},
 author = {MAHMUD RIDWAN},
 year = {2015},
 howpublished = "\url{https://www.toptal.com/algorithms/predicting-likes-inside-a-simple-recommendation-engine}"
}
@misc{ref12,
 title = {Introduction to Recommender System. Part 1 (Collaborative Filtering, Singular Value Decomposition)},
 author = {Steeve Huang},
 year = {2018},
 howpublished = "\url{https://hackernoon.com/introduction-to-recommender-system-part-1-collaborative-filtering-singular-value-decomposition-44c9659c5e75}"
}
@misc{ref13,
 title = {Matrix Factorization: A Simple Tutorial and Implementation in Python},
 author = {Albert Au Yeung},
 year = { 2010},
 howpublished = "\url{http://www.quuxlabs.com/blog/2010/09/matrix-factorization-a-simple-tutorial-and-implementation-in-python/}"
}